@article{AlgebraicSignalProcessing2006,
  author    = {Markus P{\"{u}}schel and
               Jos{\'{e}} M. F. Moura},
  title     = {Algebraic Signal Processing Theory},
  journal   = {CoRR},
  volume    = {abs/cs/0612077},
  year      = {2006},
  url       = {http://arxiv.org/abs/cs/0612077},
  eprinttype = {arXiv},
  eprint    = {cs/0612077},
  timestamp = {Mon, 13 Aug 2018 16:48:24 +0200},
  biburl    = {https://dblp.org/rec/journals/corr/abs-cs-0612077.bib},
  bibsource = {dblp computer science bibliography, https://dblp.org}
}